@online{seneye,
  author       = {Seneye},
  title        = {Seneye Spectra},
  year         = {2024},
  url          = {https://spectra.seneye.com},
  urldate      = {2024}
}

@article{sample,
    author = {Author, A. and Author, B.},
    title = {Title of Article},
    journal = {Name of Journal},
    year = {YYYY},
    volume = {VV},
    number = {NN},
    pages = {PP-PP},
    doi = {DOI}
}


@online{adafruit,
  author       = {Adafruit},
  title        = {Measuring Light with a BeagleBone Black},
  year         = {2024},
  url          = {https://learn.adafruit.com/measuring-light-with-a-beaglebone-black/wiring},
  urldate      = {2023}
}


@online{openthread_bb,
  author       = {OpenThread},
  title        = {OpenThread Border Router on BeagleBone Black},
  year         = {2024},
  url          = {https://openthread.io/guides/border-router/beaglebone-black},
  urldate      = {April, 2024}
}

@online{codebase,
  author       = {Jingwei Dai},
  title        = {Aquarium Control in SwiftUI},
  year         = {2024},
  url          = {https://code.cs.earlham.edu/adai13/aquatic-control-system},
  urldate      = {2024}
}

@online{bb_internet,
  author = {{Solarian Programmer}},
  title = {Beaglebone Black Sharing USB Internet to MacOS},
  year = {2018},
  url = {https://solarianprogrammer.com/2018/12/04/beaglebone-black-sharing-usb-internet-macos/}
}

@inproceedings{lackofstandardization,
  author    = {Sarah A. Al-Qaseemi and Hajer A. Almulhim and Maria F. Almulhim and Saqib Rasool Chaudhry},
  booktitle = {2016 Future Technologies Conference (FTC)},
  title     = {IoT architecture challenges and issues: Lack of standardization},
  year      = {2016},
  pages     = {731-738},
  doi       = {10.1109/FTC.2016.7821686}
}

@online{wired,
  author       = {Simon Hill},
  title        = {Here's What the 'Matter' Smart Home Standard Is All About},
  year         = {2022},
  url          = {https://www.wired.com/story/what-is-matter},
  lastaccessed = {October 9, 2023}
}

@online{AppleHomekitMatter,
  author       = {{Apple Inc.}},
  title        = {Matter support in iOS 16},
  year         = {2022},
  url          = {https://developer.apple.com/apple-home/matter/},
  lastaccessed = {October 15, 2023}
}

@article{Pradeep,
  title   = {IoT and its connectivity challenges in smart home},
  author  = {S. Pradeep and T. Kousalya and K.M. Aarsha Suresh and Jebin Edwin},
  journal = {International Research Journal of Engineering and Technology (IRJET)},
  volume  = {3},
  pages   = {1040--1043},
  year    = {2016}
}

@online{Hue,
  author       = {Signify},
  title        = {Zigbee 3.0 support in Hue ecosystem},
  year         = {2023},
  url          = {https://developers.meethue.com/zigbee-3-0-support-in-hue-ecosystem},
  lastaccessed = {October 15, 2023}
}

@online{AppleThreadiPhone15,
  author       = {{Apple Inc.}},
  title        = {Apple unveils iPhone 15 Pro and iPhone 15 Pro Max},
  year         = {2023},
  url          = {https://www.apple.com/newsroom/2023/09/apple-unveils-iphone-15-pro-and-iphone-15-pro-max/},
  lastaccessed = {October 15, 2023}
}

@online{thread_topology,
  author       = {Jeff Bumgardner},
  title        = {Simulating a Thread network with OpenThread},
  year         = {2024},
  url          = {https://openthread.io/codelabs/openthread-simulation-posix},
  lastaccessed = {2024}
}
